@article{jordan1999introduction,
  title={An introduction to variational methods for graphical models},
  author={Jordan, Michael I and Ghahramani, Zoubin and Jaakkola, Tommi S and Saul, Lawrence K},
  journal={Machine learning},
  volume={37},
  number={2},
  pages={183--233},
  year={1999},
  publisher={Springer}
}

@article{andrieu2003introduction,
  title={An introduction to MCMC for machine learning},
  author={Andrieu, Christophe and De Freitas, Nando and Doucet, Arnaud and Jordan, Michael I},
  journal={Machine learning},
  volume={50},
  number={1-2},
  pages={5--43},
  year={2003},
  publisher={Springer}
}

@inproceedings{kulkarni2015deep,
  title={Deep convolutional inverse graphics network},
  author={Kulkarni, Tejas D and Whitney, William F and Kohli, Pushmeet and Tenenbaum, Josh},
  booktitle={Advances in neural information processing systems},
  pages={2539--2547},
  year={2015}
}


@article{beaumont2002approximate,
  title={Approximate Bayesian computation in population genetics},
  author={Beaumont, Mark A and Zhang, Wenyang and Balding, David J},
  journal={Genetics},
  volume={162},
  number={4},
  pages={2025--2035},
  year={2002},
  publisher={Genetics Soc America}
}


@inproceedings{wood2014new,
  title={A new approach to probabilistic programming inference},
  author={Wood, Frank and Meent, Jan Willem and Mansinghka, Vikash},
  booktitle={Artificial Intelligence and Statistics},
  pages={1024--1032},
  year={2014}
}

@article{kirkpatrick1983optimization,
  title={Optimization by simulated annealing},
  author={Kirkpatrick, Scott and Gelatt, C Daniel and Vecchi, Mario P},
  journal={science},
  volume={220},
  number={4598},
  pages={671--680},
  year={1983},
  publisher={American Association for the Advancement of Science}
}

@article{albers2017personalized,
  title={Personalized glucose forecasting for type 2 diabetes using data assimilation},
  author={Albers, David J and Levine, Matthew and Gluckman, Bruce and Ginsberg, Henry and Hripcsak, George and Mamykina, Lena},
  journal={PLoS computational biology},
  volume={13},
  number={4},
  pages={e1005232},
  year={2017},
  publisher={Public Library of Science}
}

@article{moody2001physionet,
  title={PhysioNet: a web-based resource for the study of physiologic signals},
  author={Moody, George B and Mark, Roger G and Goldberger, Ary L},
  journal={IEEE Engineering in Medicine and Biology Magazine},
  volume={20},
  number={3},
  pages={70--75},
  year={2001},
  publisher={IEEE}
}


@article{levine2017offline,
  title={Offline and online data assimilation for real-time blood glucose forecasting in type 2 diabetes},
  author={Levine, Matthew E and Hripcsak, George and Mamykina, Lena and Stuart, Andrew and Albers, David J},
  journal={arXiv preprint arXiv:1709.00163},
  year={2017}
}

@article{earl2005parallel,
  title={Parallel tempering: Theory, applications, and new perspectives},
  author={Earl, David J and Deem, Michael W},
  journal={Physical Chemistry Chemical Physics},
  volume={7},
  number={23},
  pages={3910--3916},
  year={2005},
  publisher={Royal Society of Chemistry}
}



@inproceedings{tran2017hierarchical,
  title={Hierarchical Implicit Models and Likelihood-Free Variational Inference},
  author={Tran, Dustin and Ranganath, Rajesh and Blei, David},
  booktitle={Advances in Neural Information Processing Systems},
  pages={5529--5539},
  year={2017}
}

@inproceedings{regier2015celeste,
  title={Celeste: Variational inference for a generative model of astronomical images},
  author={Regier, Jeffrey and Miller, Andrew and McAuliffe, Jon and Adams, Ryan and Hoffman, Matt and Lang, Dustin and Schlegel, David and Prabhat, Mr},
  booktitle={International Conference on Machine Learning},
  pages={2095--2103},
  year={2015}
}

@article{manning2014topographic,
  title={Topographic factor analysis: a bayesian model for inferring brain networks from neural data},
  author={Manning, Jeremy R and Ranganath, Rajesh and Norman, Kenneth A and Blei, David M},
  journal={PloS one},
  volume={9},
  number={5},
  pages={e94914},
  year={2014},
  publisher={Public Library of Science}
}

@article{lake2015human,
  title={Human-level concept learning through probabilistic program induction},
  author={Lake, Brenden M and Salakhutdinov, Ruslan and Tenenbaum, Joshua B},
  journal={Science},
  volume={350},
  number={6266},
  pages={1332--1338},
  year={2015},
  publisher={American Association for the Advancement of Science}
}

@inproceedings{kingma2014semi,
  title={Semi-supervised learning with deep generative models},
  author={Kingma, Diederik P and Mohamed, Shakir and Rezende, Danilo Jimenez and Welling, Max},
  booktitle={Advances in Neural Information Processing Systems},
  pages={3581--3589},
  year={2014}
}

@inproceedings{ranganath2016deep,
  title={Deep Survival Analysis},
  author={Ranganath, Rajesh and Perotte, Adler and Elhadad, No{\'e}mie and Blei, David},
  booktitle={Machine Learning for Healthcare Conference},
  pages={101--114},
  year={2016}
}

@article{blei2003latent,
  title={Latent dirichlet allocation},
  author={Blei, David M and Ng, Andrew Y and Jordan, Michael I},
  journal={Journal of machine Learning research},
  volume={3},
  number={Jan},
  pages={993--1022},
  year={2003}
}

@inproceedings{ranganath2014black,
  title={Black box variational inference},
  author={Ranganath, Rajesh and Gerrish, Sean and Blei, David},
  booktitle={Artificial Intelligence and Statistics},
  pages={814--822},
  year={2014}
}

@article{hoffman2014no,
  title={The No-U-turn sampler: adaptively setting path lengths in Hamiltonian Monte Carlo.},
  author={Hoffman, Matthew D and Gelman, Andrew},
  journal={Journal of Machine Learning Research},
  volume={15},
  number={1},
  pages={1593--1623},
  year={2014}
}

@inproceedings{goodman2008church,
  title={Church: a language for generative models},
  author={Goodman, Noah D and Mansinghka, Vikash K and Roy, Daniel and Bonawitz, Keith and Tenenbaum, Joshua B},
  booktitle={Proceedings of the Twenty-Fourth Conference on Uncertainty in Artificial Intelligence},
  pages={220--229},
  year={2008},
  organization={AUAI Press}
}

@article{carpenter2017stan,
  title={Stan: A probabilistic programming language},
  author={Carpenter, Bob and Gelman, Andrew and Hoffman, Matthew D and Lee, Daniel and Goodrich, Ben and Betancourt, Michael and Brubaker, Marcus and Guo, Jiqiang and Li, Peter and Riddell, Allen},
  journal={Journal of statistical software},
  volume={76},
  number={1},
  year={2017},
  publisher={Columbia Univ., New York, NY (United States); Harvard Univ., Cambridge, MA (United States)}
}

@article{mansinghka2014venture,
  title={Venture: a higher-order probabilistic programming platform with programmable inference},
  author={Mansinghka, Vikash and Selsam, Daniel and Perov, Yura},
  journal={arXiv preprint arXiv:1404.0099},
  year={2014}
}

@article{chang1997conditioning,
  title={Conditioning as disintegration},
  author={Chang, Joseph T and Pollard, David},
  journal={Statistica Neerlandica},
  volume={51},
  number={3},
  pages={287--317},
  year={1997},
  publisher={Wiley Online Library}
}

@book{ccinlar2011probability,
  title={Probability and stochastics},
  author={{\c{C}}{\i}nlar, Erhan},
  volume={261},
  year={2011},
  publisher={Springer Science \& Business Media}
}

@article{neal2011mcmc,
  title={MCMC using Hamiltonian dynamics},
  author={Neal, Radford M and others},
  journal={Handbook of Markov Chain Monte Carlo},
  volume={2},
  number={11},
  year={2011},
  publisher={CRC Press New York, NY}
}

@article{betancourt2014adiabatic,
  title={Adiabatic Monte Carlo},
  author={Betancourt, MJ},
  journal={arXiv preprint arXiv:1405.3489},
  year={2014}
}

@article{swendsen1986replica,
  title={Replica Monte Carlo simulation of spin-glasses},
  author={Swendsen, Robert H and Wang, Jian-Sheng},
  journal={Physical review letters},
  volume={57},
  number={21},
  pages={2607},
  year={1986},
  publisher={APS}
}

@article{brownlee2006glycemic,
  title={Glycemic variability: a hemoglobin A1c--independent risk factor for diabetic complications},
  author={Brownlee, Michael and Hirsch, Irl B},
  journal={Jama},
  volume={295},
  number={14},
  pages={1707--1708},
  year={2006},
  publisher={American Medical Association}
}


@article{zeevi2015personalized,
  title={Personalized nutrition by prediction of glycemic responses},
  author={Zeevi, David and Korem, Tal and Zmora, Niv and Israeli, David and Rothschild, Daphna and Weinberger, Adina and Ben-Yacov, Orly and Lador, Dar and Avnit-Sagi, Tali and Lotan-Pompan, Maya and others},
  journal={Cell},
  volume={163},
  number={5},
  pages={1079--1094},
  year={2015},
  publisher={Elsevier}
}


@inproceedings{Kingma:2014,
   author = {{Kingma}, D. and {Welling}, M.},
    title = {Auto-Encoding Variational Bayes},
  booktitle={International Conference on Learning Representations (ICLR-14)},
     year = 2014,
}



@inproceedings{rezende2014stochastic,
  title={Stochastic Backpropagation and Approximate Inference in Deep Generative Models},
  author={Rezende, Danilo Jimenez and Mohamed, Shakir and Wierstra, Daan},
  booktitle={International Conference on Machine Learning},
  pages={1278--1286},
  year={2014}
}

@article{bezanson2017julia,
  title={Julia: A Fresh Approach to Numerical Computing},
  author={Bezanson, Jeff and Edelman, Alan and Karpinski, Stefan and Shah, Viral B},
  journal={SIAM review},
  volume={59},
  number={1},
  pages={65--98},
  year={2017},
  publisher={SIAM}
}

@article{milch20071,
 title={1 blog: Probabilistic models with unknown objects},
 author={Milch, Brian and Marthi, Bhaskara and Russell, Stuart and Sontag, David and Ong, Daniel L and Kolobov, Andrey},
 journal={Statistical relational learning},
 pages={373},
 year={2007}
}

@inproceedings{wingate2011lightweight,
 title={Lightweight implementations of probabilistic programming languages via transformational compilation},
 author={Wingate, David and Stuhlm{\"u}ller, Andreas and Goodman, Noah},
 booktitle={Proceedings of the Fourteenth International Conference on Artificial Intelligence and Statistics},
 pages={770--778},
 year={2011}
}

@inproceedings{chaudhuri2010smooth,
  title={Smooth interpretation},
  author={Chaudhuri, Swarat and Solar-Lezama, Armando},
  booktitle={ACM Sigplan Notices},
  volume={45},
  number={6},
  pages={279--291},
  year={2010},
  organization={ACM}
}

@article{bach2017hinge,
  title={Hinge-loss markov random fields and probabilistic soft logic},
  author={Bach, Stephen H and Broecheler, Matthias and Huang, Bert and Getoor, Lise},
  journal={Journal of Machine Learning Research},
  volume={18},
  number={109},
  pages={1--67},
  year={2017}
}

@inproceedings{kimmig2012short,
  title={A short introduction to probabilistic soft logic},
  author={Kimmig, Angelika and Bach, Stephen and Broecheler, Matthias and Huang, Bert and Getoor, Lise},
  booktitle={Proceedings of the NIPS Workshop on Probabilistic Programming: Foundations and Applications},
  pages={1--4},
  year={2012}
}

@article{brocheler2012probabilistic,
  title={Probabilistic similarity logic},
  author={Brocheler, Matthias and Mihalkova, Lilyana and Getoor, Lise},
  journal={arXiv preprint arXiv:1203.3469},
  year={2012}
}

@article{murata2004probabilistic,
  title={A probabilistic model for predicting hypoglycemia in type 2 diabetes mellitus: The Diabetes Outcomes in Veterans Study (DOVES)},
  author={Murata, Glen H and Hoffman, Richard M and Shah, Jayendra H and Wendel, Christopher S and Duckworth, William C},
  journal={Archives of internal medicine},
  volume={164},
  number={13},
  pages={1445--1450},
  year={2004},
  publisher={American Medical Association}
}

@article{richardson2006markov,
  title={Markov logic networks},
  author={Richardson, Matthew and Domingos, Pedro},
  journal={Machine learning},
  volume={62},
  number={1-2},
  pages={107--136},
  year={2006},
  publisher={Springer}
}

@article{de2007problog,
  title={ProbLog: A probabilistic Prolog and its application in link discovery},
  author={De Raedt, Luc and Kimmig, Angelika and Toivonen, Hannu},
  journal={International Joint Conferences on Artificial Intelligence},
  year={2007}
}


@article{marjoram2003markov,
  title={Markov chain Monte Carlo without likelihoods},
  author={Marjoram, Paul and Molitor, John and Plagnol, Vincent and Tavar{\'e}, Simon},
  journal={Proceedings of the National Academy of Sciences},
  volume={100},
  number={26},
  pages={15324--15328},
  year={2003},
  publisher={National Acad Sciences}
}

@article{sisson2007sequential,
  title={Sequential monte carlo without likelihoods},
  author={Sisson, Scott A and Fan, Yanan and Tanaka, Mark M},
  journal={Proceedings of the National Academy of Sciences},
  volume={104},
  number={6},
  pages={1760--1765},
  year={2007},
  publisher={National Acad Sciences}
}


@article{wegmann2009efficient,
  title={Efficient approximate Bayesian computation coupled with Markov chain Monte Carlo without likelihood},
  author={Wegmann, Daniel and Leuenberger, Christoph and Excoffier, Laurent},
  journal={Genetics},
  year={2009},
  publisher={Genetics Soc America}
}

@article{graham2017asymptotically,
  title={Asymptotically exact inference in differentiable generative models},
  author={Graham, Matthew M and Storkey, Amos J and others},
  journal={Electronic Journal of Statistics},
  volume={11},
  number={2},
  pages={5105--5164},
  year={2017},
  publisher={The Institute of Mathematical Statistics and the Bernoulli Society}
}


@article{albert2015simulated,
  title={A simulated annealing approach to approximate Bayes computations},
  author={Albert, Carlo and K{\"u}nsch, Hans R and Scheidegger, Andreas},
  journal={Statistics and computing},
  volume={25},
  number={6},
  pages={1217--1232},
  year={2015},
  publisher={Springer}
}

@book{marschner1998inverse,
  title={Inverse rendering for computer graphics},
  author={Marschner, Stephen Robert and Greenberg, Donald P},
  year={1998},
  publisher={Citeseer}
}

@article{tavare1997inferring,
  title={Inferring coalescence times from DNA sequence data},
  author={Tavar{\'e}, Simon and Balding, David J and Griffiths, Robert C and Donnelly, Peter},
  journal={Genetics},
  volume={145},
  number={2},
  pages={505--518},
  year={1997},
  publisher={Genetics Soc America}
}

@article{weiss1998inference,
  title={Inference of population history using a likelihood approach},
  author={Weiss, Gunter and von Haeseler, Arndt},
  journal={Genetics},
  volume={149},
  number={3},
  pages={1539--1546},
  year={1998},
  publisher={Genetics Soc America}
}

@article{toni2008approximate,
  title={Approximate Bayesian computation scheme for parameter inference and model selection in dynamical systems},
  author={Toni, Tina and Welch, David and Strelkowa, Natalja and Ipsen, Andreas and Stumpf, Michael PH},
  journal={Journal of the Royal Society Interface},
  volume={6},
  number={31},
  pages={187--202},
  year={2008},
  publisher={The Royal Society London}
}

@article{del2012adaptive,
  title={An adaptive sequential Monte Carlo method for approximate Bayesian computation},
  author={Del Moral, Pierre and Doucet, Arnaud and Jasra, Ajay},
  journal={Statistics and Computing},
  volume={22},
  number={5},
  pages={1009--1020},
  year={2012},
  publisher={Springer}
}

@article{lenormand2013adaptive,
  title={Adaptive approximate Bayesian computation for complex models},
  author={Lenormand, Maxime and Jabot, Franck and Deffuant, Guillaume},
  journal={Computational Statistics},
  volume={28},
  number={6},
  pages={2777--2796},
  year={2013},
  publisher={Springer}
}

@book{griewank2008evaluating,
  title={Evaluating derivatives: principles and techniques of algorithmic differentiation},
  author={Griewank, Andreas and Walther, Andrea},
  volume={105},
  year={2008},
  publisher={Siam}
}

@inproceedings{sen2005cute,
  title={CUTE: a concolic unit testing engine for C},
  author={Sen, Koushik and Marinov, Darko and Agha, Gul},
  booktitle={ACM SIGSOFT Software Engineering Notes},
  volume={30},
  number={5},
  pages={263--272},
  year={2005},
  organization={ACM}
}

@article{cadar2008exe,
  title={EXE: automatically generating inputs of death},
  author={Cadar, Cristian and Ganesh, Vijay and Pawlowski, Peter M and Dill, David L and Engler, Dawson R},
  journal={ACM Transactions on Information and System Security (TISSEC)},
  volume={12},
  number={2},
  pages={10},
  year={2008},
  publisher={ACM}
}

@book{klir1995fuzzy,
  title={Fuzzy sets and fuzzy logic},
  author={Klir, George and Yuan, Bo},
  volume={4},
  year={1995},
  publisher={Prentice hall New Jersey}
}

@article{levin2000continuous,
  title={Basic Concepts of Continuous Logics},
  author={Levin, VI},
  journal={Kybernetes},
  volume={29},
  number={9/10},
  pages={1234--1249},
  year={2000},
  publisher={MCB UP Ltd}

}


@article{baragatti2013likelihood,
  title={Likelihood-free parallel tempering},
  author={Baragatti, Me{\"\i}li and Grimaud, Agn{\`e}s and Pommeret, Denys},
  journal={Statistics and Computing},
  volume={23},
  number={4},
  pages={535--549},
  year={2013},
  publisher={Springer}
}

@article{habeck2005replica,
  title={Replica-exchange Monte Carlo scheme for Bayesian data analysis},
  author={Habeck, Michael and Nilges, Michael and Rieping, Wolfgang},
  journal={Physical review letters},
  volume={94},
  number={1},
  pages={018105},
  year={2005},
  publisher={APS}
}

@article{rcd,
	title={The Random Conditional Distribution for Higher-Order Probabilistic Inference },
	author={Tavares, Zenna and  Zhang, Xin and Burroni, Javier and  Minasyan, Edgar and Ranganath,  Rajesh and Solar-Lezama, Armando},
	journal={arXiv},
	year={2019}
	}

@inproceedings{ritchie2015generating,
  title={Generating Design Suggestions under Tight Constraints with Gradient-based Probabilistic Programming},
  author={Ritchie, Daniel and Lin, Sharon and Goodman, Noah D and Hanrahan, Pat},
  booktitle={Computer Graphics Forum},
  volume={34},
  number={2},
  pages={515--526},
  year={2015},
  organization={Wiley Online Library}
}
